@article{hallac2017network,
  title={Network inference via the time-varying graphical lasso},
  author={Hallac, David and Park, Youngsuk and Boyd, Stephen and Leskovec, Jure},
  booktitle={Proceedings of the 23rd ACM SIGKDD International Conference on Knowledge Discovery and Data Mining},
  pages={205--213},
  year={2017}
}

@article{friedman2008sparse,
  title={Sparse inverse covariance estimation with the graphical lasso},
  author={Friedman, Jerome and Hastie, Trevor and Tibshirani, Robert},
  journal={Biostatistics},
  volume={9},
  number={3},
  pages={432--441},
  year={2008},
  publisher={Oxford University Press}
}